@misc{paper_1,
  author = {Georgios Pierris, Michail G. Lagoudakis},
  year = {2009},
  title = {An Interactive Tool for Designing Complex Robot Motion Patterns},
  url = {https://www.pierris.gr/me/downloads/kme.pdf}
}

@misc{paper_2,
  author = {Syamimi Shamsuddin and Luthffi Idzhar Ismail and Hanafiah Yussof Nur and Ismarrubie Zahari},
  title = {Humanoid robot NAO: Review of control and motion exploration},
  month= {november},
  year = {2021},
  url = {https://www.researchgate.net/publication/254029603_Humanoid_robot_NAO_Review_of_control_and_motion_exploration}
}

@misc{tutorial_paquete,
  author = {Open Robotics},
  title = {Creating a package},
  year = {2025},
  url = {https://docs.ros.org/en/foxy/Tutorials/Beginner-Client-Libraries/Creating-Your-First-ROS2-Package.html}
}

@misc{tutorial_bridge,
  author = {The Construct},
  title = {Gazebo Sim with ROS2 | ROS2 Developers Open Class \#177},
  year = {2024},
  url = {https://www.youtube.com/watch?v=DsjJtC8QTQY}
}

@misc{tutorial_mallas,
  author = {Articulated Robotics},
  title = {Gazebo de CustomWorld},
  year = {2025},
  month = {february},
  url = {https://www.youtube.com/watch?v=K4rHglJW7Hg}
}

@misc{pagina_nao,
  author = {Softbank Robotics},
  year = {2025},
  title = {NAO: Personal Robot Teaching Assistant},
  url = {https://us.softbankrobotics.com/nao}
}

@misc{tutorial_pubsub,
  author = {Open Robotics},
  year = {2022},
  title = {Writing a simple publisher and subscriber (Python)},
  url = {https://docs.ros.org/en/humble/Tutorials/Beginner-Client-Libraries/Writing-A-Simple-Py-Publisher-And-Subscriber.html}
}

@misc{parametros_fisicos_gazebo,
  author = {Open Source Robotics},
  year = {2014},
  title = {Physic parameters},
  url = {https://classic.gazebosim.org/tutorials?tut=physics_params}
}

@misc{tfg_caminatas_ondas,
  author = {TFG: Francisco Pérez Salgado. Ingeniería Informática Superior},
  year = {2015},
  title = {Caminatas basadas en ondas acopladas para
el humanoide Nao en Gazebo-5 y JdeRobot},
  url = {https://gsyc.urjc.es/jmplaza/students/pfc-nao_gazebo-fperez-2015.pdf}
}

@misc{tfg_caminata_nao,
  author = {TFG: Francisco Miguel Rivas Montero. Grado en Ingeniería Técnica en Informática de Sistemas},
  year = {2010},
  title = {Caminata basada en ondas acopladas
para el robot humanoide Nao},
  url = {https://gsyc.urjc.es/jmplaza/students/pfc-caminata_nao-2010.pdf}
}